<<<<<<< HEAD
@article{tsay1989,
  title={Testing and modeling threshold autoregressive processes},
  author={Tsay, Ruey S},
  journal={Journal of the American statistical association},
  volume={84},
  number={405},
  pages={231--240},
  year={1989},
  publisher={Taylor \& Francis Group}
}


  @Manual{Texevier,
    title = {{Texevier}: {P}ackage to create Elsevier templates for Rmarkdown},
    author = {N.F. Katzke},
    organization = {Bureau for Economic Research},
    address = {Stellenbosch, South Africa},
    note = {version 0.1.2},
    year = {2017},
  }
=======
@article{tsay1989,
  title={Testing and modeling threshold autoregressive processes},
  author={Tsay, Ruey S},
  journal={Journal of the American statistical association},
  volume={84},
  number={405},
  pages={231--240},
  year={1989},
  publisher={Taylor \& Francis Group}
}


  @Manual{Texevier,
    title = {{Texevier}: {P}ackage to create Elsevier templates for Rmarkdown},
    author = {N.F. Katzke},
    organization = {Bureau for Economic Research},
    address = {Stellenbosch, South Africa},
    note = {version 0.1.2},
    year = {2017},
  }
>>>>>>> 3dc00ed77eacc1a7de76b869918382bec92f4710
